@article{lorena2003introduccaoas,
  title={Introdu{\c{c}}aoas m{\'a}quinas de vetores suporte},
  author={Lorena, Ana Carolina and de Carvalho, Andr{\'e} CPLF},
  journal={Relat{\'o}rio T{\'e}cnico do Instituto de Ci{\^e}ncias Matem{\'a}ticas e de Computa{\c{c}}ao (USP/Sao Carlos)},
  volume={192},
  year={2003}
}
@article{davis2007social,
  title={Social network analysis and organizational disintegration: the case of Enron corporation},
  author={Davis, Joseph and Hossain, Liaquat and Murshed, Shahriar Hasan},
  journal={ICIS 2007 Proceedings},
  pages={5},
  year={2007}
}
@article{li2010case,
  title={The case analysis of the scandal of Enron},
  author={Li, Yuhao},
  journal={International Journal of Business and Management},
  volume={5},
  number={10},
  pages={37--41},
  year={2010},
  publisher={Canadian Center of Science and Education}
}
@article{mdegis,
  title={machine-learning},
  author={Degis, Melih},
  journal={GitHub Project},
  url = "https://github.com/mdegis/machine-learning",
}
@article{Udacity,
  title={Introduction to Machine Learning},
  author={Udacity},
  journal={Udacity Online Plataform},
  url = "https://br.udacity.com/course/intro-to-machine-learning--ud120/",
}

